<record><leader>00000cas a22000007a 4500</leader><controlfield tag="001">15604602</controlfield><controlfield tag="008">870428d19131913inuwr ne      0    0eng d</controlfield><datafield ind1=" " ind2=" " tag="010"><subfield code="a">sn 87055991 </subfield></datafield><datafield ind1=" " ind2=" " tag="040"><subfield code="a">NPI</subfield><subfield code="b">eng</subfield><subfield code="c">NPI</subfield><subfield code="d">OCLCQ</subfield></datafield><datafield ind1=" " ind2=" " tag="042"><subfield code="a">msc</subfield></datafield><datafield ind1="0" ind2=" " tag="130"><subfield code="a">New Haven herald (New Haven, Ind.)</subfield></datafield><datafield ind1="1" ind2="4" tag="245"><subfield code="a">The New Haven herald.</subfield></datafield><datafield ind1=" " ind2=" " tag="260"><subfield code="a">New Haven, Ind. :</subfield><subfield code="b">John S. Burres,</subfield><subfield code="c">1913.</subfield></datafield><datafield ind1=" " ind2=" " tag="310"><subfield code="a">Weekly</subfield></datafield><datafield ind1="0" ind2=" " tag="362"><subfield code="a">Vol. 21, no. 1 (Jan. 2, 1913)-</subfield></datafield><datafield ind1="1" ind2=" " tag="362"><subfield code="a">Ceased with Feb. 13, 1913 issue?</subfield></datafield><datafield ind1=" " ind2=" " tag="752"><subfield code="a">United States</subfield><subfield code="b">Indiana</subfield><subfield code="c">Allen</subfield><subfield code="d">New Haven.</subfield></datafield><datafield ind1="0" ind2="0" tag="780"><subfield code="t">Allen County herald (New Haven, Ind.)</subfield><subfield code="w">(DLC)sn 87055986</subfield></datafield></record>